% ########################################################################################
% Bib File
@article{roith2022continuum,
  title={Continuum limit of Lipschitz learning on graphs},
  author={Roith, Tim and Bungert, Leon},
  journal={Foundations of Computational Mathematics},
  pages={1--39},
  year={2022},
  publisher={Springer}
}

@article{bungert2021uniform,
  title={Uniform convergence rates for Lipschitz learning on graphs},
  author={Bungert, Leon and Calder, Jeff and Roith, Tim},
  journal={arXiv preprint arXiv:2111.12370},
  year={2021}
}

@article{bungert2022bregman,
  title={A bregman learning framework for sparse neural networks},
  author={Bungert, Leon and Roith, Tim and Tenbrinck, Daniel and Burger, Martin},
  journal={Journal of Machine Learning Research},
  volume={23},
  number={192},
  pages={1--43},
  year={2022}
}

@inproceedings{bungert2021clip,
  title={CLIP: Cheap Lipschitz training of neural networks},
  author={Bungert, Leon and Raab, Ren{\'e} and Roith, Tim and Schwinn, Leo and Tenbrinck, Daniel},
  booktitle={Scale Space and Variational Methods in Computer Vision: 8th International Conference, SSVM 2021, Virtual Event, May 16--20, 2021, Proceedings},
  pages={307--319},
  year={2021},
  organization={Springer}
}

@inproceedings{kabri2023resolution,
  title={Resolution-Invariant Image Classification based on Fourier Neural Operators},
  author={Kabri, Samira and Roith, Tim and Tenbrinck, Daniel and Burger, Martin},
  booktitle={Scale Space and Variational Methods in Computer Vision: 9th International Conference, SSVM 2023, Proceedings},
  pages={307--319},
  year={2023},
  organization={Springer}
}

@inproceedings{zhu2003semi,
  title={Semi-supervised learning using gaussian fields and harmonic functions},
  author={Zhu, Xiaojin and Ghahramani, Zoubin and Lafferty, John D},
  booktitle={Proceedings of the 20th International conference on Machine learning (ICML-03)},
  pages={912--919},
  year={2003}
}

@article{abderrahim2014nonlocal,
  title={Nonlocal infinity Laplacian equation on graphs with applications in image processing and machine learning},
  author={Abderrahim, Elmoataz and Xavier, Desquesnes and Zakaria, Lakhdari and Olivier, L{\'e}zoray},
  journal={Mathematics and Computers in Simulation},
  volume={102},
  pages={153--163},
  year={2014},
  publisher={Elsevier}
}

@book{lindqvist2017notes,
  title={Notes on the p-Laplace equation},
  author={Lindqvist, Peter},
  number={161},
  year={2017},
  publisher={University of Jyv{\"a}skyl{\"a}}
}

@article{jensen1993uniqueness,
  title={Uniqueness of Lipschitz extensions: minimizing the sup norm of the gradient},
  author={Jensen, Robert},
  journal={Archive for Rational Mechanics and Analysis},
  volume={123},
  pages={51--74},
  year={1993},
  publisher={Springer}
}

@inproceedings{barron2001lower,
  title={Lower semicontinuity of Lâˆž functionals},
  author={Barron, Emmanuel N and Jensen, Robert R and Wang, Chang You},
  booktitle={Annales de l'Institut Henri Poincar{\'e} C, Analyse non lin{\'e}aire},
  volume={18},
  number={4},
  pages={495--517},
  year={2001},
  organization={Elsevier}
}

@article{Kirszbraun1934,
  doi = {10.4064/fm-22-1-77-108},
  url = {https://doi.org/10.4064/fm-22-1-77-108},
  year = {1934},
  publisher = {Institute of Mathematics,  Polish Academy of Sciences},
  volume = {22},
  pages = {77--108},
  author = {M. Kirszbraun},
  title = {\"{U}ber die zusammenziehende und Lipschitzsche Transformationen},
  journal = {Fundamenta Mathematicae}
}

@book{Schwartz1969,
	AUTHOR = {Schwartz, Jacob T.},
	YEAR = {1969},
	TITLE = {Nonlinear Functional Analysis - },
	EDITION = {},
	ISBN = {978-0-677-01500-2},
	PUBLISHER = {CRC Press},
	ADDRESS = {Boca Raton, Fla},
}

@article{whitney1992analytic,
  title={Analytic extensions of differentiable functions defined in closed sets},
  author={Whitney, Hassler},
  journal={Hassler Whitney Collected Papers},
  pages={228--254},
  year={1992},
  publisher={Springer}
}

@article{mcshane1934extension,
  title={Extension of range of functions},
  author={McShane, Edward James},
  year={1934}
}

@article{aronsson2004tour,
  title={A tour of the theory of absolutely minimizing functions},
  author={Aronsson, Gunnar and Crandall, Michael and Juutinen, Petri},
  journal={Bulletin of the American mathematical society},
  volume={41},
  number={4},
  pages={439--505},
  year={2004}
}

@book{brezis2011functional,
  title={Functional analysis, Sobolev spaces and partial differential equations},
  author={Brezis, Haim and Br{\'e}zis, Haim},
  volume={2},
  number={3},
  year={2011},
  publisher={Springer}
}